<collection xmlns="http://www.loc.gov/MARC21/slim">
<record>
  <leader>00828nam0a22002171i 450 </leader>
  <controlfield tag="001">IT\ICCU\CNCE\070974</controlfield>
  <controlfield tag="005">20070903000000.0</controlfield>
  <datafield tag="012" ind1=" " ind2=" ">
    <subfield code="a">HALe rỏ- sem- esst (3) 1600 </subfield>
    <subfield code="2">fei</subfield>
  </datafield>
  <datafield tag="100" ind1=" " ind2=" ">
    <subfield code="a">20070608f1600        0itac0103    ba</subfield>
  </datafield>
  <datafield tag="101" ind1=" " ind2=" ">
    <subfield code="a">LAT</subfield>
  </datafield>
  <datafield tag="102" ind1=" " ind2=" ">
    <subfield code="a">IT</subfield>
  </datafield>
  <datafield tag="200" ind1="1" ind2=" ">
    <subfield code="a">Ivsti Lipsi ad annales Cor. Taciti liber commentarivs, variis in locis vtiliter auctus</subfield>
  </datafield>
  <datafield tag="210" ind1=" " ind2=" ">
    <subfield code="d">\1600?!</subfield>
  </datafield>
  <datafield tag="215" ind1=" " ind2=" ">
    <subfield code="a">580, \28! p.</subfield>
    <subfield code="c">ill.</subfield>
    <subfield code="d">16ʻ</subfield>
  </datafield>
  <datafield tag="300" ind1=" " ind2=" ">
    <subfield code="a">ANNULLATA  !!!!!  2.pt. dell&apos;edizione stampata a Ginevra nel 1619</subfield>
  </datafield>
  <datafield tag="700" ind1=" " ind2="1">
    <subfield code="a">Lipsius,</subfield>
    <subfield code="b">Justus</subfield>
    <subfield code="3">IT\ICCU\CNCA\006548</subfield>
  </datafield>
  <datafield tag="712" ind1="0" ind2="2">
    <subfield code="a">s.n.</subfield>
    <subfield code="3">IT\ICCU\CNCT\000002</subfield>
    <subfield code="4">650</subfield>
  </datafield>
  <datafield tag="790" ind1=" " ind2="1">
    <subfield code="a">Lipse,</subfield>
    <subfield code="b">Juste</subfield>
    <subfield code="3">IT\ICCU\CNCA\009917</subfield>
    <subfield code="z">Lipsius, Justus</subfield>
  </datafield>
  <datafield tag="790" ind1=" " ind2="1">
    <subfield code="a">Lipsio,</subfield>
    <subfield code="b">Giusto</subfield>
    <subfield code="3">IT\ICCU\CNCA\020479</subfield>
    <subfield code="z">Lipsius, Justus</subfield>
  </datafield>
  <datafield tag="801" ind1=" " ind2="3">
    <subfield code="a">IT</subfield>
    <subfield code="b">ICCU</subfield>
    <subfield code="c">20201115</subfield>
  </datafield>
  <datafield tag="899" ind1=" " ind2=" ">
    <subfield code="a">Biblioteca comunale Valentiniana. Camerino</subfield>
    <subfield code="1">MC0004</subfield>
    <subfield code="2">UMC BV</subfield>
  </datafield>
</record>
</collection>
